@book{tufte1983visual,
  title={The Visual Display of Quantitative Information},
  author={Tufte, Edward R and Graves-Morris, PR},
  volume={2},
  number={9},
  year={1983},
  publisher={Graphics press Cheshire, CT}
}

@article{byrnes2009visualizing,
  title={Visualizing Proof Search for Theorem Prover Development},
  author={Byrnes, John and Buchanan, Michael and Ernst, Michael and Miller, Philip and Roberts, Chris and Keller, Robert},
  journal={Electronic Notes in Theoretical Computer Science},
  volume={226},
  pages={23--38},
  year={2009},
  publisher={Elsevier}
}

@incollection{sakurai2011mikibeta,
  title={MikiBeta: A General {GUI} Library for Visualizing Proof Trees},
  author={Sakurai, Kanako and Asai, Kenichi},
  booktitle={Logic-Based Program Synthesis and Transformation},
  pages={84--98},
  year={2011},
  publisher={Springer}
}

@book{bajaj2003interactive,
  title={Interactive symbolic visualization of semi-automatic theorem proving},
  author={Bajaj, Chandrajit and Khandelwal, Shashank and Moore, J and Siddavanahalli, Vinay},
  year={2003},
  publisher={Computer Science Department, University of Texas at Austin}
}

@inproceedings{steel2005visualising,
  title={Visualising First-Order Proof Search},
  author={Graham Steel},
  booktitle={Proceedings of User Interfaces for Theorem Provers},
  volume={2005},
  pages={179--189},
  year={2005}
}

@article{dowek2013logical,
  title={A Logical Approach to {CTL}},
  author={Dowek, Gilles and Jiang, Ying},
  year={2013},
  url = "https://who.rocq.inria.fr/Gilles.Dowek/Publi/ctl.pdf"
}

@article{dowek2014cut,
  title={Cut-Elimination and the Decidability of Reachability in Alternating Pushdown Systems},
  author={Dowek, Gilles and Jiang, Ying},
  journal={arXiv preprint arXiv:1410.8470},
  year={2014},
  url = "https://who.rocq.inria.fr/Gilles.Dowek/Publi/reachability.pdf"
}

@incollection{bouajjani1997reachability,
  title={Reachability Analysis of Pushdown Automata: Application to Model-Checking},
  author={Bouajjani, Ahmed and Esparza, Javier and Maler, Oded},
  booktitle={CONCUR'97: Concurrency Theory},
  pages={135--150},
  year={1997},
  publisher={Springer}
}

@MISC{javawebsite,
  title =        {Java Software $|$ Oracle},
  howpublished = {\url{https://www.oracle.com/java/index.html}},
}

@MISC{joglwebsite,
  title =        {{JOGL} - Java Binding for the {OpenGL} {API}},
  howpublished = {\url{http://jogamp.org/jogl/www/}},
}

@MISC{opengl,
  title =        {{OpenGL} - The Industry Standard for High Performance Graphics},
  howpublished = {\url{https://www.opengl.org}},
}

@MISC{gephiwebsite,
  title =        {{Gephi} - The Open Graph Viz Platform},
  howpublished = {\url{http://gephi.github.io/}},
}

@book{bertot2013interactive,
  title={Interactive Theorem Proving and Program Development: Coq'Art: The Calculus of Inductive Constructions},
  author={Bertot, Yves and Cast{\'e}ran, Pierre},
  year={2013},
  publisher={Springer Science \& Business Media}
}

@book{freeman2004head,
  title={Head First Design Patterns},
  author={Freeman, Eric and Robson, Elisabeth and Bates, Bert and Sierra, Kathy},
  year={2004},
  publisher={"O'Reilly Media, Inc."}
}

@book{clarke1999model,
  title={Model Checking},
  author={Clarke, Edmund M and Grumberg, Orna and Peled, Doron},
  year={1999}
}

@BOOK{CGP01,
AUTHOR    = {Edmund M. Clarke and Orna Grumberg and Doron Peled},
TITLE     = {Model checking},
PUBLISHER = {{MIT} Press},
YEAR      = {2001},
ISBN      = {978-0-262-03270-4},
ADDRESS   = {Cambridge, MA, USA}
}

@BOOK{Fitting96,
AUTHOR    = {Melvin Fitting},
TITLE     = {First-Order Logic and Automated Theorem Proving, Second Edition},
SERIES    = {Graduate Texts in Computer Science},
PUBLISHER = {Springer},
YEAR      = {1996},
isbn      = {978-1-4612-7515-2}
}

@BOOK{Loveland78,
AUTHOR    = {Loveland, Donald W},
TITLE     = {Automated Theorem Proving: A Logical Basis (Fundamental Studies in Computer Science)},
YEAR      = {1978},
isbn      = {0720404991},
PUBLISHER = {Elsevier}
} 

@book{bederson2003craft,
  title={The craft of information visualization: readings and reflections},
  author={Bederson, Benjamin B and Shneiderman, Ben},
  year={2003},
  publisher={Morgan Kaufmann}
}

@article{Farmer200939,
  author    = {William M. Farmer and
               Orlin G. Grigorov},
  title     = {Panoptes: An Exploration Tool for Formal Proofs},
  journal   = {Electr. Notes Theor. Comput. Sci.},
  volume    = {226},
  pages     = {39--48},
  year      = {2009}
}


@article{trac2007interactive,
  title={An interactive derivation viewer},
  author={Trac, Steven and Puzis, Yury and Sutcliffe, Geoff},
  journal={Electronic Notes in Theoretical Computer Science},
  volume={174},
  number={2},
  pages={109--123},
  year={2007},
  publisher={Elsevier}
}

@article{jacomy2014forceatlas2,
title={ForceAtlas2, a continuous graph layout algorithm for handy network visualization designed for the Gephi software},
author={Mathieu, Jacomy and Tommaso, Venturini and Sebastien, Heymann and Mathieu Bastian},
journal={PLOS ONE},
volume={9},
number={6},
pages={e98679},
year={2014}
}

@article{martin2011openord,
title={OpenOrd: an open-source toolbox for large graph layout},
author={Martin, Shawn and Brown, W. Michael and Klavans, Richard and Boyack, Kevin W},
journal={SPIE Proceedings},
volume={7868},
year={2011}
}

@article{yifanhu05,
title={Efficient and High Quality Force-Directed Graph Drawing},
author={Hu, Yifan},
journal={The Matematical Journal},
volume={10},
pages={149-160},
year={2005}
}

@INPROCEEDINGS{Ji15,
AUTHOR     = {Kailiang Ji},
TITLE      = {{CTL} Model Checking in Deduction Modulo},
BOOKTITLE  = {Automated Deduction - CADE-25},
SERIES     = {LNCS},
VOLUME     = {9195},
PAGES      = {295--310},
PUBLISHER  = {Springer},
YEAR       = {2015}
}

@INPROCEEDINGS{Zhang14,
AUTHOR     = {Wenhui Zhang},
TITLE      = {{QBF} Encoding of Temporal Properties and {QBF}-based
                  Verification},
EDITOR     = {St\'ephane Demri and Deepak Kapur and Christoph Weidenbach},
BOOKTITLE  = {IJCAR 2014},
SERIES     = {LNCS},
VOLUME     = {8562},
PAGES      = {224--239},
PUBLISHER  = {Springer},
YEAR       = {2014}
}

@INPROCEEDINGS{CimattiCGR99,
AUTHOR    = {Alessandro Cimatti and Edmund M. Clarke and
             Fausto Giunchiglia and Marco Roveri},
TITLE     = {{NUSMV}: A New Symbolic Model Verifier},
BOOKTITLE = { CAV'99},
PAGES     = {495--499},
YEAR      = {1999},
PUBLISHER = {Springer}
}

@ARTICLE{EmersonC82,
	AUTHOR    = {E. Allen Emerson and Edmund M. Clarke},
	TITLE     = {Using Branching Time Temporal Logic to Synthesize Synchronization
	Skeletons},
	JOURNAL   = {Sci. Comput. Program.},
	VOLUME    = {2},
	NUMBER    = {3},
	PAGES     = {241--266},
	YEAR      = {1982}
}

@ARTICLE{EmersonH85,
	AUTHOR    = {E. Allen Emerson and Joseph Y. Halpern},
	TITLE     = {Decision Procedures and Expressiveness in the Temporal Logic of Branching
	Time},
	JOURNAL   = {J. Comput. Syst. Sci.},
	VOLUME    = {30},
	NUMBER    = {1},
	PAGES     = {1--24},
	YEAR      = {1985}
}

@inproceedings{LibalRR14,
  author    = {Tomer Libal and
               Martin Riener and
               Mikheil Rukhaia},
  title     = {Advanced Proof Viewing in ProofTool},
  booktitle = {Proceedings Eleventh Workshop on User Interfaces for Theorem Provers,
               {UITP} 2014, Vienna, Austria, 17th July 2014.},
  pages     = {35--47},
  year      = {2014}
}

@inproceedings{CGMZ,
  author    = {Edmund M. Clarke and
               Orna Grumberg and
               Kenneth L. McMillan and
               Xudong Zhao},
  title     = {Efficient Generation of Counterexamples and Witnesses in Symbolic
               Model Checking},
  booktitle = {{DAC}},
  pages     = {427--432},
  year      = {1995}
}

@book{CBJPK,
  author    = {Christel Baier and
               Joost{-}Pieter Katoen},
  title     = {Principles of model checking},
  publisher = {{MIT} Press},
  year      = {2008}
}

@book{Mazza09,
  author    = {Riccardo Mazza},
  title     = {Introduction to Information Visualization},
  publisher = {Springer},
  year      = {2009}
}

@book{Spence07,
  author    = {Robert Spence},
  title     = {Information Visualization: Design for Interaction (2nd Edition)},
  publisher = {Prentice Hall},
  year      = {2007}
}

@article{LiuDJJ16,
	author    = {Ying Jiang and Jian Liu and Gilles Dowek and Kailiang Ji},
	title     = {{SCTL:} Towards Combining Model Checking and Proof Checking},
	journal   = {arXiv},
	year      = {2017}
}